@article{Gillespie1977,
	author = {Daniel T. Gillspie},
	title = {Exact Stochastic Simulation of Coupled Chemical Reactions},
	year = {1977},
	series = {The Journal of Physical Chemistry},
	volume = {Vol 81},
	number = {25},
	location = {China Lake, California 93555},
	publisher = {Research Department, Na Val Weapons Center}
}